<record><leader>00000cas a22000007a 4500</leader><controlfield tag="001">11487888</controlfield><controlfield tag="008">841213d18741893cauwr ne      0    0eng d</controlfield><datafield ind1=" " ind2=" " tag="010"><subfield code="a">sn 84038757 </subfield></datafield><datafield ind1=" " ind2=" " tag="040"><subfield code="a">NPX</subfield><subfield code="b">eng</subfield><subfield code="c">NPX</subfield><subfield code="d">DLC</subfield><subfield code="d">ANU</subfield><subfield code="d">CNK</subfield><subfield code="d">OCLCQ</subfield><subfield code="d">OCLCF</subfield><subfield code="d">OCLCO</subfield></datafield><datafield ind1="1" ind2=" " tag="029"><subfield code="a">AU@</subfield><subfield code="b">000020444975</subfield></datafield><datafield ind1=" " ind2=" " tag="042"><subfield code="a">msc</subfield></datafield><datafield ind1="0" ind2="0" tag="050"><subfield code="a">Newspaper 7114-X</subfield></datafield><datafield ind1="0" ind2=" " tag="130"><subfield code="a">Anaheim gazette (Anaheim, Calif. : 1874)</subfield></datafield><datafield ind1="0" ind2="0" tag="245"><subfield code="a">Anaheim gazette.</subfield></datafield><datafield ind1="3" ind2=" " tag="246"><subfield code="a">Anaheim weekly gazette</subfield></datafield><datafield ind1=" " ind2=" " tag="260"><subfield code="a">Anaheim, Calif. :</subfield><subfield code="b">R. Melrose &amp; Co.</subfield></datafield><datafield ind1=" " ind2=" " tag="300"><subfield code="a">v. ;</subfield><subfield code="c">61 cm.</subfield></datafield><datafield ind1=" " ind2=" " tag="310"><subfield code="a">Weekly</subfield></datafield><datafield ind1="0" ind2=" " tag="362"><subfield code="a">Vol. 5, no. 1 (Oct. 24, 1874)-v. 23, no. 46 (Sept. 21, 1893).</subfield></datafield><datafield ind1=" " ind2=" " tag="500"><subfield code="a">"Weekly" appears above masthead ornament, Feb. 3, 1877-Oct. 27, 1887.</subfield></datafield><datafield ind1=" " ind2="0" tag="651"><subfield code="a">Anaheim (Calif.)</subfield><subfield code="v">Newspapers.</subfield></datafield><datafield ind1=" " ind2="0" tag="651"><subfield code="a">Orange County (Calif.)</subfield><subfield code="v">Newspapers.</subfield></datafield><datafield ind1=" " ind2="7" tag="655"><subfield code="a">Newspapers.</subfield><subfield code="2">fast</subfield><subfield code="0">(OCoLC)fst01423814</subfield></datafield><datafield ind1=" " ind2="7" tag="651"><subfield code="a">California</subfield><subfield code="z">Anaheim.</subfield><subfield code="2">fast</subfield><subfield code="0">(OCoLC)fst01205465</subfield></datafield><datafield ind1=" " ind2="7" tag="651"><subfield code="a">California</subfield><subfield code="z">Orange County.</subfield><subfield code="2">fast</subfield><subfield code="0">(OCoLC)fst01206289</subfield></datafield><datafield ind1=" " ind2=" " tag="752"><subfield code="a">United States</subfield><subfield code="b">California</subfield><subfield code="c">Orange</subfield><subfield code="d">Anaheim.</subfield></datafield><datafield ind1="0" ind2=" " tag="775"><subfield code="t">Anaheim gazette (Anaheim, Calif. : 1875 : Daily)</subfield><subfield code="w">(DLC)sn 93052643</subfield><subfield code="w">(OCoLC)18374360</subfield></datafield><datafield ind1="0" ind2=" " tag="775"><subfield code="t">Anaheim gazette (Anaheim, Calif. : 1877 : Semiweekly)</subfield><subfield code="w">(DLC)sn 92068862</subfield></datafield><datafield ind1="0" ind2="0" tag="780"><subfield code="t">Southern Californian (Anaheim, Calif. : Weekly)</subfield><subfield code="w">(DLC)sn 92068861</subfield></datafield><datafield ind1="0" ind2="0" tag="785"><subfield code="t">Anaheim weekly gazette</subfield><subfield code="w">(DLC)sn 85066371</subfield><subfield code="w">(OCoLC)12889463</subfield></datafield></record>